@book{metric,
  author     = {Burago, Dmitri and Burago, Yuri and Ivanov, Sergei},
  title      = {A course in metric geometry},
  series     = {Graduate Studies in Mathematics},
  volume     = {33},
  publisher  = {American Mathematical Society, Providence, RI},
  year       = {2001},
  pages      = {xiv+415},
  isbn       = {0-8218-2129-6},
  mrclass    = {53C23},
  mrnumber   = {1835418},
  mrreviewer = {Mario\ Bonk},
  doi        = {10.1090/gsm/033},
  url        = {https://doi.org/10.1090/gsm/033}
}
@misc{Katsuhiro,
  author       = {Shiohama, Katsuhiro},
  howpublished = {Available at nLab \url{https://ncatlab.org/nlab/files/Shiohama-AlexandrovSpaces.pdf}},
  title        = {An introduction to the geometry of Alexandrov spaces},
  year         = {1992}
}